<?xml version="1.0" encoding="UTF-8"?><record xmlns="http://www.loc.gov/MARC21/slim" xmlns:cinclude="http://apache.org/cocoon/include/1.0" xmlns:zs="http://www.loc.gov/zing/srw/">
  <leader>00420nz  a2200145n  4500</leader>
  <controlfield tag="001">n  87144152 </controlfield>
  <controlfield tag="003">DLC</controlfield>
  <controlfield tag="005">19871119130324.5</controlfield>
  <controlfield tag="008">871117n| acannaab|          |a aaa |||  </controlfield>
  <datafield tag="010" ind1=" " ind2=" ">
    <subfield code="a">n  87144152 </subfield>
  </datafield>
  <datafield tag="040" ind1=" " ind2=" ">
    <subfield code="a">DLC</subfield>
    <subfield code="c">DLC</subfield>
    <subfield code="d">DLC</subfield>
  </datafield>
  <datafield tag="100" ind1="1" ind2="0">
    <subfield code="a">Auvergne, A.</subfield>
    <subfield code="q">(Alexis)</subfield>
  </datafield>
  <datafield tag="400" ind1="1" ind2="0">
    <subfield code="a">Auvergne, Alexis</subfield>
  </datafield>
  <datafield tag="670" ind1=" " ind2=" ">
    <subfield code="a">His Histoire de Morestel, 1985:</subfield>
    <subfield code="b">t.p. (chanoine A. Auvergne)</subfield>
  </datafield>
  <datafield tag="670" ind1=" " ind2=" ">
    <subfield code="a">Bibl. francĚ§. 1986. Index</subfield>
    <subfield code="b">(Auvergne, Alexis)</subfield>
  </datafield>
</record>